@inproceedings{GallSoftwareEv,
author = {Harald Gall and Mehdi Jazayeri and Rene R Kolsch and Georg Trausmuth},
title = {Software Evolution Observations Based on Product Release History},
booktitle = { Proceedings of the International Conference on Software Maintenance 1997},
date = {1997},
}

@inproceedings{TsayOpenSourceMining,
author = {Jason Tsay and Hyrum K. Wright and Dewayne E. Perry},
title = {Experiences Mining Open Source Release Histories},
booktitle = { Proceedings of the 2011 International Conference on Software and Systems Process},
date = {2011},
}

@inproceedings{WrightPitfalls,
author = {Hyrum K. Wright and Dewayne E. Perry},
title = {Release engineering practices and pitfalls},
booktitle = {Proceedings of the 34th International Conference on Software Engineering},
date = {2012},
pages = {1281-1284},
}

@inproceedings{ShobeMapping,
author = {Joseph F. Shobe and Md Yasser Karim and Motehareh Bahrami Zanjani and Huzefa Kagdi},
title = {On Mapping Releases to Commits in Open Source Systems},
booktitle = {Proceedings of the 22nd International Conference on Program Comprehension},
date = {2014},
pages = {68-71},
}

@article{YuChangeLogs,
author = {Liguo Yu},
title = {Mining Change Logs and Release Notes to Understand Software 
Maintenance and Evolution },
journaltitle = {CLEI ELECTRONIC JOURNAL},
date = {Aug 2009},
volume = {12},
number = {2},
}

